
@inproceedings{ST11:CAV,
  author    = {Sriram Sankaranarayanan and
               Ashish Tiwari},
  title     = {Relational Abstractions for Continuous and Hybrid Systems},
  booktitle = {Proc. 23rd Intl. Conf. on Computer Aided Verification, CAV},
  pages     = {686-702},
  editor    = {Ganesh Gopalakrishnan and
               Shaz Qadeer},
  publisher = {Springer},
  series    = {Lecture Notes in Computer Science},
  volume    = {6806},
  year      = {2011},
}

@inproceedings{Tiwari03:HSCC,
	TITLE = "Approximate Reachability for Linear Systems",
	AUTHOR = {Tiwari, A.},
	PAGES = {514--525},
  	booktitle = {Proc. 6th Intl. Workshop on Hybrid Systems: Computation and Control, HSCC 2003},
  	publisher = {Springer},
  	series    = {Lecture Notes in Computer Science},
  	volume    = {2623},
  	year      = {2003},
}

@misc{existsforall,
  author = "Ashish Tiwari",
  title = "Certificate-based Verification",
  note = {\url{http://www.csl.sri.com/users/tiwari/existsforall/}},
  year = 2011,
}

@misc{sal,
  author = "Formal Methods Group, SRI Intl.",
  title = "{SAL}: {S}ymbolic {A}nalysis {L}aboratory",
  note = {\url{http://sal.csl.sri.com/}},
  year = 2011,
}

@inproceedings{Tiwari11:CDC,
  author = "Ashish Tiwari", 
  title = "Compositionally analyzing a PI controller family", 
  booktitle = "Proc. CDC 2011",
  note = "To appear",
}

@inproceedings{SturmTiwari11:ISSAC,
  author    = {Thomas Sturm and
               Ashish Tiwari},
  title     = {Verification and synthesis using real quantifier elimination},
  booktitle = {Proc. Symbolic and Algebraic Computation, International Symposium, ISSAC},
  pages     = {329-336},
  editor    = {{\'E}ric Schost and
               Ioannis Z. Emiris},
  publisher = {ACM},
  year      = {2011},
}

@proceedings{benchmarks,
  author    = {Ansgar Fehnker and
               Franjo Ivancic},
  title     = {Benchmarks for Hybrid Systems Verification},
  year      = {2004},
  pages     = {326-341},
  editor    = {Rajeev Alur and
               George J. Pappas},
  booktitle = {Proc. 7th Intl. Workshop on Hybrid Systems: Computation and Control, HSCC},
  publisher = {Springer},
  series    = {Lecture Notes in Computer Science},
  volume    = {2993},
}
 
[Fehnker+Ivancic/2004/Benchmarks] Ansgar Fehnker and Franjo Ivancic,
 "Benchmarks for Hybrid Systems Verification". In HSCC 2004, pp. 326-341.
\end{verbatim}
